<?xml version="1.0" encoding="UTF-8"?><collection xmlns="http://www.loc.gov/MARC21/slim"><record><leader>00803nam--2200205-i-4500</leader><controlfield tag="001">000030067</controlfield><controlfield tag="002">20161230</controlfield><controlfield tag="005">20161230201038</controlfield><controlfield tag="008">060222s1000------------r-----000-0-eng-d</controlfield><datafield ind1=" " ind2=" " tag="020"><subfield code="a">0080259693</subfield></datafield><datafield ind1=" " ind2=" " tag="040"><subfield code="a">IFIN-HH</subfield></datafield><datafield ind1=" " ind2=" " tag="080"><subfield code="a">537.222.24(061.3)</subfield></datafield><datafield ind1="1" ind2=" " tag="100"><subfield code="a">Lucovsky, Gerald /S.A.</subfield></datafield><datafield ind1="1" ind2="0" tag="245"><subfield code="a">The physics of mos insulators</subfield><subfield code="b">Proceedings of the international topical conference on the physics of mos insulators held at the jane s. mckimmon conference center north carolina state university raleigh, north carolina june 18-20, 1980</subfield><subfield code="c">Gerald lucovsky, sokrates t. pantelides, frank l. galeener (eds.)</subfield></datafield><datafield ind1=" " ind2=" " tag="260"><subfield code="a">New York</subfield><subfield code="b">Pergamon Press</subfield><subfield code="c">1980</subfield></datafield><datafield ind1=" " ind2=" " tag="300"><subfield code="a">XI + 369P</subfield></datafield><datafield ind1=" " ind2=" " tag="490"><subfield code="a">Proceedings</subfield></datafield><datafield ind1="1" ind2=" " tag="700"><subfield code="a">Galeener, Frank L</subfield><subfield code="e">Ed</subfield></datafield><datafield ind1=" " ind2=" " tag="852"><subfield code="a">71353</subfield><subfield code="c">537.311.33</subfield></datafield><datafield ind1=" " ind2=" " tag="CAT"><subfield code="a">Sys</subfield><subfield code="c">20110727</subfield><subfield code="h">132457</subfield></datafield></record></collection>